<record><leader>00000cas a2200000 a 4500</leader><controlfield tag="001">36369338</controlfield><controlfield tag="008">970211d19321978oruwr ne      0    0eng c</controlfield><datafield ind1=" " ind2=" " tag="010"><subfield code="a">sn 96088311 </subfield></datafield><datafield ind1=" " ind2=" " tag="040"><subfield code="a">OCN</subfield><subfield code="b">eng</subfield><subfield code="c">OCN</subfield><subfield code="d">OCLCQ</subfield><subfield code="d">ORU</subfield><subfield code="d">OCLCQ</subfield><subfield code="d">OCLCF</subfield><subfield code="d">OCLCO</subfield></datafield><datafield ind1=" " ind2=" " tag="042"><subfield code="a">pcc</subfield></datafield><datafield ind1=" " ind2=" " tag="043"><subfield code="a">n-us-or</subfield></datafield><datafield ind1="0" ind2=" " tag="130"><subfield code="a">Benton County herald (Corvallis, Or.)</subfield></datafield><datafield ind1="1" ind2="0" tag="245"><subfield code="a">Benton County herald.</subfield></datafield><datafield ind1=" " ind2=" " tag="260"><subfield code="a">Corvallis, Or. :</subfield><subfield code="b">G.E. Hamilton,</subfield><subfield code="c">1932-1978.</subfield></datafield><datafield ind1=" " ind2=" " tag="300"><subfield code="a">v.</subfield></datafield><datafield ind1=" " ind2=" " tag="310"><subfield code="a">Weekly</subfield></datafield><datafield ind1="0" ind2=" " tag="362"><subfield code="a">Vol. 28, no. 19 (Aug. 4, 1932)-v. 74, no. 7 (May 18, 1978).</subfield></datafield><datafield ind1=" " ind2=" " tag="525"><subfield code="a">Issues for Aug. 12, 1960-Sept. 14, 1961 include supplement with title: Social security news.</subfield></datafield><datafield ind1=" " ind2=" " tag="530"><subfield code="a">Also issued on microfilm from University of Oregon.</subfield></datafield><datafield ind1=" " ind2=" " tag="580"><subfield code="a">Merged with: Greater Oregon, to form: Weekly oregon herald (Albany, Or.).</subfield></datafield><datafield ind1=" " ind2="0" tag="651"><subfield code="a">Corvallis (Or.)</subfield><subfield code="v">Newspapers.</subfield></datafield><datafield ind1=" " ind2="0" tag="651"><subfield code="a">Benton County (Or.)</subfield><subfield code="v">Newspapers.</subfield></datafield><datafield ind1=" " ind2="7" tag="655"><subfield code="a">Newspapers.</subfield><subfield code="2">fast</subfield><subfield code="0">(OCoLC)fst01423814</subfield></datafield><datafield ind1=" " ind2="7" tag="651"><subfield code="a">Oregon</subfield><subfield code="z">Benton County.</subfield><subfield code="2">fast</subfield><subfield code="0">(OCoLC)fst01210431</subfield></datafield><datafield ind1=" " ind2="7" tag="651"><subfield code="a">Oregon</subfield><subfield code="z">Corvallis.</subfield><subfield code="2">fast</subfield><subfield code="0">(OCoLC)fst01205176</subfield></datafield><datafield ind1="0" ind2="2" tag="740"><subfield code="a">Social security news.</subfield></datafield><datafield ind1=" " ind2=" " tag="752"><subfield code="a">United States</subfield><subfield code="b">Oregon</subfield><subfield code="c">Benton</subfield><subfield code="d">Corvallis.</subfield></datafield><datafield ind1="0" ind2="0" tag="780"><subfield code="t">Benton independent (Corvallis, Or.)</subfield><subfield code="w">(DLC)sn 96088312</subfield><subfield code="w">(OCoLC)36369331</subfield></datafield><datafield ind1="1" ind2="7" tag="785"><subfield code="t">Greater Oregon</subfield><subfield code="w">(DLC)sn 96088308</subfield><subfield code="w">(OCoLC)36369400</subfield></datafield><datafield ind1="1" ind2="7" tag="785"><subfield code="t">Weekly Oregon herald (Albany, Or.)</subfield><subfield code="w">(DLC)sn 96088309</subfield><subfield code="w">(OCoLC)36369387</subfield></datafield></record>